@online{2021,
  title = {20 Places Around the World Where Governments Provide Free Period Products},
  date = {2021-09-30},
  url = {https://www.globalcitizen.org/en/content/free-period-products-countries-cities-worldwide/},
  urldate = {2023-11-27},
  langid = {english},
  organization = {Global Citizen},
  keywords = {null,unread}
}

@online{baibutixinmeitibu,
  title = {Focus | Sanitary Pad Mutual Aid Box: Representing the Moon to Guard You},
  author = {Baibuti New Media Department},
  url = {http://mp.weixin.qq.com/s?__biz=MjM5NDA4NzM4MA==&mid=2650670461&idx=2&sn=09899ad595102025adc55d305a2752fb&chksm=be878dc689f004d0f7c4fa7125678199649920964807ad611b7d11cd5ea9de4279672ca26759#rd},
  urldate = {2023-11-27},
  organization = {Weixin Official Accounts Platform},
  keywords = {null,unread}
}

@online{buzhixiuchigirls,
  title = {[Huanong Recruitment Season] We are serious about the sanitary pad mutual aid initiative!},
  author = {Bu Zhi Xiu Chi Girls},
  url = {http://mp.weixin.qq.com/s?__biz=MzI5NDkxNTE0OA==&mid=2247484981&idx=1&sn=18c970bce3a5cd1a85a0e53a30baa686&chksm=ec5adb16db2d5200e9bed2cc90cc6ed2586edd9124d6ec7dfebdf9e40e045a33140bbf6e2f7c#rd},
  urldate = {2023-11-27},
  organization = {Weixin Official Accounts Platform},
  keywords = {null,unread}
}

@online{jijijiansheguangkede,
  title = {Sanitary Pad Mutual Aid Box? Second-hand Trading Platform? These Proposals are Quite Interesting},
  author = {Actively Building Guangke},
  url = {http://mp.weixin.qq.com/s?__biz=MzU5ODEzODg2NQ==&mid=2247496665&idx=1&sn=b000fbc724c55ff7cb577f97b6fe50b7&chksm=fe4a7947c93df051bae6389708627b4f31ff56b301f9f42a20ba9bf6924fdd6e86e189601866#rd},
  urldate = {2023-11-27},
  organization = {Weixin Official Accounts Platform},
  keywords = {null,unread}
}

@online{majuan,
  title = {Notice of the State Council Office on the Issuance of the National Development Plan for Children in Poor Areas (2014-2020)},
  author = {Ma Juan},
  url = {https://www.gov.cn/zhengce/content/2015-01/15/content_9398.htm#tdsub},
  urldate = {2023-11-27},
  keywords = {null,unread}
}

@online{mcu,
  title = {One Year of the Sanitary Pad Mutual Aid Box at Guangyao},
  author = {MCU},
  url = {http://mp.weixin.qq.com/s?__biz=Mzg3MjU0NDg2Ng==&mid=2247484086&idx=1&sn=c0ff4cd2258b1e998ce04755b90dc981&chksm=ceecedbbf99b64ade46bc0519b0a7be305d64eddbee52270d1be8e5544a798832a1eaab89ef2#rd},
  urldate = {2023-11-27},
  organization = {Weixin Official Accounts Platform},
  keywords = {null,unread}
}

@online{yanzhenjun,
  title = {Walking with Her | Sanitary Pad Mutual Aid Box Pilot Program is Here!},
  author = {Yan Zhenjun},
  url = {http://mp.weixin.qq.com/s?__biz=MjM5Mjc2MzU5NQ==&mid=2653275915&idx=1&sn=bd5728a5a9605387a4180041895a784d&chksm=bd703caf8a07b5b9a6881b19fbdfd039ebce8fd731c61bfff040d5c8881e2c8b9ad17793d6f6#rd},
  urldate = {2023-11-27},
  organization = {Weixin Official Accounts Platform},
  keywords = {null,unread}
}

@online{yueshijiaoao,
  title = {United Voice | About 'Menstruation', I Want to Make Suggestions for the Women and Children Development Outline},
  author = {Yue Shi Jiao Ao},
  url = {http://mp.weixin.qq.com/s?__biz=Mzk0NjEyNzY0OA==&mid=2247483683&idx=1&sn=2b264f2c1e1b03dcd8ad5fc8197c12c8&chksm=c30b976cf47c1e7aa44f5ac55db5f5a9c4bcdd9578745459ccb6c1f8ab06553a3b2b56dc4be8#rd},
  urldate = {2023-11-27},
  organization = {Weixin Official Accounts Platform},
  keywords = {null,unread}
}

@online{zhongwen,
  title = {Sanitary Pad Mutual Aid Box Movement in Colleges | Who's Taking Action?},
  author = {Zhong Wen},
  url = {http://mp.weixin.qq.com/s?__biz=Mzg2MDAzNjExOA==&mid=2247483689&idx=1&sn=e49a3b468fd09b4dd8ddc2f970a18500&chksm=ce2dcc50f95a454667de92388b04b2b1522f55dfca60b71312758e3db5c959c5266e800ffe57#rd},
  urldate = {2023-11-27},
  organization = {Weixin Official Accounts Platform},
  keywords = {null,unread}
}

@online{zotero-3644,
  title = {Ministry of Finance Responds to Representative's Questions about 'Reducing VAT on Sanitary Pads' and 'Including Sanitary Pad Expenses in Medical and Social Insurance'},
  url = {http://www.ytpp.com.cn/data/2021-08-31/95791.html#tdsub},
  urldate = {2023-11-27},
  keywords = {null,unread}
}

@online{zotero-3648,
  title = {FAIMES Official Website | Refined Women Use FAIMES},
  url = {https://faimes.net/},
  urldate = {2023-11-27},
  keywords = {null,unread}
}

@online{zotero-3650,
  title = {Weixin Official Accounts Platform},
  url = {https://mp.weixin.qq.com/s/oS10sAuQr9KNenbhuCd89A#tdsub},
  urldate = {2023-11-27},
  keywords = {null,unread}
}

@online{zotero-3653,
  title = {Walking with Her | Empowering Her to No Longer Be Helpless},
  url = {http://mp.weixin.qq.com/s?__biz=MjM5ODk5MTcyNA==&mid=2649176032&idx=1&sn=27dcd5791c6373f7209d98d81ab444d8&chksm=bed1d5e389a65cf5f438eb2e880f43f4d5fb3c072795ffb804e358e1b0df04cc930813d6f786#rd},
  urldate = {2023-11-27},
  organization = {Weixin Official Accounts Platform},
  keywords = {null,unread}
}

@online{zotero-3655,
  title = {The Story of the Sanitary Pad Mutual Aid Box | No Period Shame},
  url = {http://mp.weixin.qq.com/s?__biz=MzU1NjU2NzE2OQ==&mid=2247486177&idx=1&sn=f3e5693c8818548a796ff60de4969022&chksm=fbc2550fccb5dc19adb92e414653d9b8962a1d885d0ff41863507d4d2131110fae1dd83fb743#rd},
  urldate = {2023-11-27},
  organization = {Weixin Official Accounts Platform},
  keywords = {null,unread}
}

@online{zotero-3657,
  title = {The Wave of 'Sanitary Pad Mutual Aid Boxes' in Guangdong Colleges, Opposing Menstrual Shame!},
  url = {http://mp.weixin.qq.com/s?__biz=MzIxMzA5MTI4NQ==&mid=2653461150&idx=3&sn=538a6baab1cfc4cbb29fc7ed14f026e4&chksm=8c602c24bb17a532ec3912eb7e9a4aee06f9dc53ad854d43270bb2322e835b9e49533c2b7871#rd},
  urldate = {2023-11-27},
  organization = {Weixin Official Accounts Platform},
  keywords = {null,unread}
}

@online{zotero-3660,
  title = {The Sanitary Pad Mutual Aid Box Goes Viral in Huanong! The Initiator is a Second-Year Female Student...},
  url = {https://new.qq.com/rain/a/20210315A0E2YJ00#tdsub},
  urldate = {2023-11-27},
  keywords = {null,unread}
}
